@online{NoiseFloor,
  author    = {Michael Vedomske},
  title     = {What is the noise floor - it's a rug, it's a party},
  year      = 2017,
  url       = {https://www.iotforall.com/what-is-the-noise-floor},
  urldate   = {2021-11-05}
}

@online{DynamicRange,
  author    = {Barry Truax},
  title     = {What is the noise floor - it's a rug, it's a party(Second edition)},
  year      = 1999,
  url       = {https://www.sfu.ca/sonic-studio-webdav/handbook/index.html},
  urldate   = {2021-11-05}
}

@online{FrequencyRange,
  author    = {N/A},
  title     = {	Characteristics of Sound and the Decibel Scale},
  year      = {N/A} ,
  url       = {https://www.epd.gov.hk/epd/noise_education/web/ENG_EPD_HTML/m1/intro_5.html},
  urldate   = {2021-11-05}
}

